%
% book.bib
%
% book - A published book
%   Required: author/editor, title, publisher, year.
%   Optional: volume/number, series, edition.

% Reference
% http://en.wikibooks.org/wiki/LaTeX/Bibliography_Management

@book{book:docker-build,
    title     = "Docker, Build and Ship",
    year      = "2016",
    publisher = " Today Software Magazine",
}