%
% paper.bib
%
% inproceedings - An article in a conference proceedings.
%   Required: author, title, booktitle, year.
%   Optional fields: editor, volume/number, series, pages, address, month, organization, publisher, note.

% Reference
% http://en.wikibooks.org/wiki/LaTeX/Bibliography_Management

% -----------------------------------------------------------------------------

@article{diego2019iotsafe,
  title={IoTsafe, Decoupling Security From Applications for a Safer IoT},
  author={Diego, Jorge David De Hoz and Saldana, Jose and Fern{\'a}ndez-Navajas, Juli{\'a}n and Ruiz-Mas, Jos{\'e}},
  journal={IEEE Access},
  volume={7},
  pages={29942--29962},
  year={2019},
  publisher={IEEE}
}